<record><leader>00000cas a2200000 a 4500</leader><controlfield tag="001">9291031</controlfield><controlfield tag="008">830308d18241844meuir ne      0    0eng  </controlfield><datafield ind1=" " ind2=" " tag="010"><subfield code="a">sn 83016004 </subfield></datafield><datafield ind1=" " ind2=" " tag="040"><subfield code="a">DLC</subfield><subfield code="b">eng</subfield><subfield code="c">DLC</subfield><subfield code="d">NPW</subfield><subfield code="d">NPX</subfield><subfield code="d">NPU</subfield><subfield code="d">OCL</subfield><subfield code="d">NPY</subfield><subfield code="d">DLC</subfield><subfield code="d">YOX</subfield><subfield code="d">NVF</subfield><subfield code="d">CNW</subfield><subfield code="d">CNK</subfield><subfield code="d">CRL</subfield><subfield code="d">MBN</subfield><subfield code="d">OCL</subfield><subfield code="d">CVF</subfield><subfield code="d">NYS</subfield><subfield code="d">OCLCQ</subfield><subfield code="d">OCLCO</subfield><subfield code="d">CRL</subfield><subfield code="d">OCLCF</subfield><subfield code="d">DLC</subfield></datafield><datafield ind1=" " ind2=" " tag="019"><subfield code="a">9291343</subfield></datafield><datafield ind1=" " ind2=" " tag="042"><subfield code="a">pcc</subfield></datafield><datafield ind1=" " ind2=" " tag="043"><subfield code="a">n-us-me</subfield></datafield><datafield ind1="0" ind2="0" tag="050"><subfield code="a">Newspaper 8048</subfield></datafield><datafield ind1="0" ind2=" " tag="130"><subfield code="a">Eastern Argus (Portland, Me. : 1824)</subfield></datafield><datafield ind1="1" ind2="0" tag="245"><subfield code="a">Eastern Argus.</subfield></datafield><datafield ind1=" " ind2=" " tag="260"><subfield code="a">Portland [Me.] :</subfield><subfield code="b">Todd &amp; Smith,</subfield><subfield code="c">1824-1844.</subfield></datafield><datafield ind1=" " ind2=" " tag="300"><subfield code="a">20 v. :</subfield><subfield code="b">ill. ;</subfield><subfield code="c">50-68 cm.</subfield></datafield><datafield ind1=" " ind2=" " tag="310"><subfield code="a">Three times a week,</subfield><subfield code="b">Jan. 1, 1836-</subfield></datafield><datafield ind1=" " ind2=" " tag="321"><subfield code="a">Semiweekly,</subfield><subfield code="b">Sept. 30, 1824-Sept. 28, 1832</subfield></datafield><datafield ind1=" " ind2=" " tag="321"><subfield code="a">Three times a week,</subfield><subfield code="b">Oct. 2, 1832-Dec. 31, 1834</subfield></datafield><datafield ind1=" " ind2=" " tag="321"><subfield code="a">Semiweekly,</subfield><subfield code="b">Jan. 6-Dec. 30, 1835</subfield></datafield><datafield ind1="0" ind2=" " tag="362"><subfield code="a">Vol. 1, no. 1 (Sept. 30, 1824)-v. 8, no. 845 (Sept. 28, 1832) ; new ser., v. 1, no. 1 (Oct. 2, 1832)-v. 3, no. 40 (Dec. 31, 1834) = v. 9, no. 846-v. 11, no. 1186 ; v. 1, no. 1 (Jan. 6, 1835)-v. 1, no. 103 (Dec. 30, 1835) ; v. 4, no. 1 (Jan. 1, 1836)-v. 12, no. 56 (May 8, 1844).</subfield></datafield><datafield ind1=" " ind2=" " tag="580"><subfield code="a">Daily eds.: Eastern Argus (Portland, Me. : 1835), and: Daily eastern Argus (Portland, Me. : 1841).</subfield></datafield><datafield ind1=" " ind2=" " tag="580"><subfield code="a">Weekly ed.: Eastern Argus (Portland, Me. : 1803).</subfield></datafield><datafield ind1=" " ind2="0" tag="651"><subfield code="a">Portland (Me.)</subfield><subfield code="v">Newspapers.</subfield></datafield><datafield ind1=" " ind2="0" tag="651"><subfield code="a">Cumberland County (Me.)</subfield><subfield code="v">Newspapers.</subfield></datafield><datafield ind1=" " ind2="7" tag="651"><subfield code="a">Maine</subfield><subfield code="z">Cumberland County.</subfield><subfield code="2">fast</subfield><subfield code="0">(OCoLC)fst01221057</subfield></datafield><datafield ind1=" " ind2="7" tag="651"><subfield code="a">Maine</subfield><subfield code="z">Portland.</subfield><subfield code="2">fast</subfield><subfield code="0">(OCoLC)fst01213254</subfield></datafield><datafield ind1=" " ind2="7" tag="655"><subfield code="a">Newspapers.</subfield><subfield code="2">fast</subfield><subfield code="0">(OCoLC)fst01423814</subfield></datafield><datafield ind1=" " ind2=" " tag="752"><subfield code="a">United States</subfield><subfield code="b">Maine</subfield><subfield code="c">Cumberland</subfield><subfield code="d">Portland.</subfield></datafield><datafield ind1="1" ind2=" " tag="775"><subfield code="t">Eastern Argus (Portland, Me. : 1835)</subfield><subfield code="w">(DLC)sn 83016007</subfield><subfield code="w">(OCoLC)9291508</subfield></datafield><datafield ind1="1" ind2=" " tag="775"><subfield code="t">Daily eastern Argus (Portland, Me. : 1841)</subfield><subfield code="w">(DLC)sn 83016018</subfield><subfield code="w">(OCoLC)9317180</subfield></datafield><datafield ind1="1" ind2=" " tag="775"><subfield code="t">Eastern Argus (Portland, Me. : 1803)</subfield><subfield code="x">2574-7606</subfield><subfield code="w">(DLC)sn 83016009</subfield><subfield code="w">(OCoLC)2260559</subfield></datafield><datafield ind1="0" ind2="0" tag="785"><subfield code="t">Tri-weekly Argus (Portland, Me.)</subfield><subfield code="w">(DLC)sn 83016006</subfield><subfield code="w">(OCoLC)9291405</subfield></datafield><datafield ind1="1" ind2=" " tag="029"><subfield code="a">AU@</subfield><subfield code="b">000020395816</subfield></datafield></record>